
@article{friendly_early_2005,
	title = {The early origins and development of the scatterplot},
	volume = {41},
	issn = {0022-5061, 1520-6696},
	url = {http://doi.wiley.com/10.1002/jhbs.20078},
	doi = {10.1002/jhbs.20078},
	language = {en},
	number = {2},
	urldate = {2019-02-15},
	journal = {Journal of the History of the Behavioral Sciences},
	author = {Friendly, Michael and Denis, Daniel},
	year = {2005},
	pages = {103--130},
	file = {Friendly and Denis - 2005 - The early origins and development of the scatterpl.pdf:/Users/elizabethcrooks/Documents/GitHub/Reproducibility/Friendly and Denis - 2005 - The early origins and development of the scatterpl.pdf:application/pdf}
}

@book{magallanes_reyes_introducing_2017,
	address = {Cambridge, United Kingdom New York, USA Port Melbourne, Australia Delhi, India Singapore},
	title = {Introducing to data science for social and policy research: collecting to organizing data with {R} and {Python}},
	isbn = {978-1-107-54025-5 978-1-107-11741-9},
	shorttitle = {Introducing to data science for social and policy research},
	language = {eng},
	publisher = {Cambridge University Press},
	author = {Magallanes Reyes, Jos√© Manuel},
	year = {2017},
	note = {OCLC: 998518603}
}